@misc{datomic,
  title = {{D}atomic: The fully transactional, cloud-ready, distributed database},
  author = {Rich Hickey and Stuart Halloway and Justin Gehtland},
  howpublished = {\url{http://www.datomic.com}},
  note = {Accessed: 11 March 2016}
}

@InProceedings{whaley-lam,
  author =       {John Whaley and Dzintars Avots and Michael Carbin and
                  Monica S. Lam},
  title =        {Using {Datalog} and Binary Decision Diagrams for
                  Program Analysis},
  booktitle =    {{P}roceedings of the 3rd {A}sian Symposium on
                  {P}rogramming {L}anguages and {S}ystems},
  month =        nov,
  year =         {2005},
  editor =       {Kwangkeun Yi},
  volume =       {3780},
  series =       LNCS,
  publisher =    {Springer-Verlag},
}



@phdthesis{ whaley-phd,
  author = "John Whaley",
  title = "Context-Sensitive Pointer Analysis using Binary Decision Diagrams",
  school = "Stanford University",
  month = mar,
  year = 2007,
}


@inproceedings{semmlecode,
  author    = {Oege de Moor and
               Damien Sereni and
               Mathieu Verbaere and
               Elnar Hajiyev and
               Pavel Avgustinov and
               Torbj{\"{o}}rn Ekman and
               Neil Ongkingco and
               Julian Tibble},
  title     = {{.QL}: Object-Oriented Queries Made Easy},
  booktitle = {Generative and Transformational Techniques in Software Engineering
               II, International Summer School, {GTTSE} 2007, Braga, Portugal, July
               2-7, 2007. Revised Papers},
  pages     = {78--133},
  year      = {2007},
  biburl    = {http://dblp.uni-trier.de/rec/bib/conf/gttse/MoorSVHAEOT07},
  bibsource = {dblp computer science bibliography, http://dblp.org}
}

@inproceedings{ql-inference,
  author    = {Max Sch{\"{a}}fer and
               Oege de Moor},
  title     = {Type inference for datalog with complex type hierarchies},
  booktitle = {Proceedings of the 37th {ACM} {SIGPLAN-SIGACT} Symposium on Principles
               of Programming Languages, {POPL} 2010, Madrid, Spain, January 17-23,
               2010},
  pages     = {145--156},
  year      = {2010},
  timestamp = {Tue, 22 May 2012 15:24:56 +0200},
  biburl    = {http://dblp.uni-trier.de/rec/bib/conf/popl/SchaferM10},
  bibsource = {dblp computer science bibliography, http://dblp.org}
}

@inproceedings{logicblox,
  author    = {Molham Aref and
               Balder ten Cate and
               Todd J. Green and
               Benny Kimelfeld and
               Dan Olteanu and
               Emir Pasalic and
               Todd L. Veldhuizen and
               Geoffrey Washburn},
  title     = {Design and Implementation of the {LogicBlox} System},
  booktitle = {Proceedings of the 2015 {ACM} {SIGMOD} International Conference on
               Management of Data, Melbourne, Victoria, Australia, May 31 - June
               4, 2015},
  pages     = {1371--1382},
  year      = {2015},
  timestamp = {Thu, 12 Nov 2015 16:33:38 +0100},
  biburl    = {http://dblp.uni-trier.de/rec/bib/conf/sigmod/ArefCGKOPVW15},
  bibsource = {dblp computer science bibliography, http://dblp.org}
}

@article{secpal,
  author    = {Moritz Y. Becker and
               C{\'{e}}dric Fournet and
               Andrew D. Gordon},
  title     = {SecPAL: Design and semantics of a decentralized authorization language},
  journal   = {Journal of Computer Security},
  volume    = {18},
  number    = {4},
  pages     = {619--665},
  year      = {2010},
  timestamp = {Thu, 01 Jul 2010 07:49:56 +0200},
  biburl    = {http://dblp.uni-trier.de/rec/bib/journals/jcs/BeckerFG10},
  bibsource = {dblp computer science bibliography, http://dblp.org}
}



@inproceedings{bloom,
  author    = {Peter Alvaro and
               Neil Conway and
               Joseph M. Hellerstein and
               William R. Marczak},
  title     = {Consistency Analysis in {Bloom}: a {CALM} and Collected Approach},
  booktitle = {{CIDR} 2011, Fifth Biennial Conference on Innovative Data Systems
               Research, Asilomar, CA, USA, January 9-12, 2011, Online Proceedings},
  pages     = {249--260},
  year      = {2011},
  timestamp = {Mon, 18 May 2015 13:54:06 +0200},
  biburl    = {http://dblp.uni-trier.de/rec/bib/conf/cidr/AlvaroCHM11},
  bibsource = {dblp computer science bibliography, http://dblp.org}
}


@inproceedings{dedalus,
  author    = {Peter Alvaro and
               William R. Marczak and
               Neil Conway and
               Joseph M. Hellerstein and
               David Maier and
               Russell Sears},
  title     = {Dedalus: Datalog in Time and Space},
  booktitle = {Datalog Reloaded - First International Workshop, Datalog 2010, Oxford,
               UK, March 16-19, 2010. Revised Selected Papers},
  pages     = {262--281},
  year      = {2010},
  crossref  = {DBLP:conf/datalog/2010},
  url       = {http://dx.doi.org/10.1007/978-3-642-24206-9_16},
  doi       = {10.1007/978-3-642-24206-9_16},
  timestamp = {Tue, 31 Jan 2012 14:51:21 +0100},
  biburl    = {http://dblp.uni-trier.de/rec/bib/conf/datalog/AlvaroMCHMS10},
  bibsource = {dblp computer science bibliography, http://dblp.org}
}


@inproceedings{mercury,
  author    = {Zoltan Somogyi and
               Fergus Henderson and
               Thomas C. Conway},
  title     = {The Implementation of Mercury, an Efficient Purely Declarative Logic
               Programming Language},
  booktitle = {{ILPS} 1994, Workshop 4: Implementation Techniques for Logic Programming
               Languages, Ithaca, New York, USA, November 17, 1994},
  year      = {1994},
  timestamp = {Wed, 04 Dec 2013 14:42:59 +0100},
  biburl    = {http://dblp.uni-trier.de/rec/bib/conf/slp/SomogyiHC94},
  bibsource = {dblp computer science bibliography, http://dblp.org}
}

@article{curry,
 author = {Antoy, Sergio and Hanus, Michael},
 title = {Functional Logic Programming},
 journal = {Communications of the ACM},
 issue_date = {April 2010},
 volume = {53},
 number = {4},
 month = apr,
 year = {2010},
 issn = {0001-0782},
 pages = {74--85},
 numpages = {12},
 acmid = {1721675},
 publisher = {ACM},
 address = {New York, NY, USA},
}




@book{kanren,
  author    = {Daniel P. Friedman and
               William E. Byrd and
               Oleg Kiselyov},
  title     = {The reasoned schemer},
  publisher = {{MIT} Press},
  year      = {2005},
  isbn      = {978-0-262-56214-0},
  timestamp = {Wed, 06 Apr 2011 15:25:01 +0200},
  biburl    = {http://dblp.uni-trier.de/rec/bib/books/daglib/0015651},
  bibsource = {dblp computer science bibliography, http://dblp.org}
}

@proceedings{datalog,
  editor    = {Herv{\'{e}} Gallaire and
               Jack Minker},
  title     = {Logic and Data Bases, Symposium on Logic and Data Bases, Centre d'{\'{e}}tudes
               et de recherches de Toulouse, 1977},
  series    = {Advances in Data Base Theory},
  publisher = {Plemum Press},
  address   = {New York},
  year      = {1978},
  isbn      = {0-306-40060-X},
  timestamp = {Thu, 03 Jan 2002 11:52:25 +0100},
  biburl    = {http://dblp.uni-trier.de/rec/bib/conf/adbt/77},
  bibsource = {dblp computer science bibliography, http://dblp.org}
}

@inproceedings{logical-algorithms,
  author    = {Harald Ganzinger and
               David A. McAllester},
  title     = {Logical Algorithms},
  booktitle = {Logic Programming, 18th International Conference, {ICLP} 2002, Copenhagen,
               Denmark, July 29 - August 1, 2002, Proceedings},
  pages     = {209--223},
  year      = {2002},
  timestamp = {Fri, 01 Jul 2011 13:40:47 +0200},
  biburl    = {http://dblp.uni-trier.de/rec/bib/conf/iclp/GanzingerM02},
  bibsource = {dblp computer science bibliography, http://dblp.org}
}




@inproceedings{linear-logical-algorithms,
  author    = {Robert J. Simmons and
               Frank Pfenning},
  title     = {Linear logical approximations},
  booktitle = {Proceedings of the 2009 {ACM} {SIGPLAN} Symposium on Partial Evaluation
               and Semantics-based Program Manipulation, {PEPM} 2009, Savannah, GA,
               USA, January 19-20, 2009},
  pages     = {9--20},
  year      = {2009},
  timestamp = {Tue, 22 May 2012 15:24:56 +0200},
  biburl    = {http://dblp.uni-trier.de/rec/bib/conf/pepm/SimmonsP09},
  bibsource = {dblp computer science bibliography, http://dblp.org}
}

@article{jrml,
  author    = {Frank Pfenning and
               Rowan Davies},
  title     = {A judgmental reconstruction of modal logic},
  journal   = {Mathematical Structures in Computer Science},
  volume    = {11},
  number    = {4},
  pages     = {511--540},
  year      = {2001},
  url       = {http://dx.doi.org/10.1017/S0960129501003322},
  doi       = {10.1017/S0960129501003322},
  timestamp = {Fri, 10 Jun 2011 14:42:27 +0200},
  biburl    = {http://dblp.uni-trier.de/rec/bib/journals/mscs/PfenningD01},
  bibsource = {dblp computer science bibliography, http://dblp.org}
}

@article{ deductive-parsing,
  author    = {Stuart M. Shieber and
               Yves Schabes and
               Fernando C. N. Pereira},
  title     = {Principles and Implementation of Deductive Parsing},
  journal   = {J. Log. Program.},
  volume    = {24},
  number    = {1{\&}2},
  pages     = {3--36},
  year      = {1995},
  timestamp = {Thu, 01 Dec 2011 17:16:23 +0100},
  biburl    = {http://dblp.uni-trier.de/rec/bib/journals/jlp/ShieberSP95},
}

@Misc{multilinear-bigdata,
   author = {Mihai Budiu and Gordon Plotkin},
   title =  {Multilinear Programming with Big Data},
   month =  {September},
   year =   {2014},
   url =    {http://budiu.info/work/budiu-festschrift14.pdf},
   confweb =  {http://research.microsoft.com/en-us/events/lucacardellifest/},
   howpublished = {Festschrift for {Luca Cardelli}}
}

@inproceedings{machiavelli,
 author = {Ohori, Atsushi and Buneman, Peter and Breazu-Tannen, Val},
 title = {Database Programming in Machiavelli\&Mdash;a Polymorphic Language with Static Type Inference},
 booktitle = {Proceedings of the 1989 ACM SIGMOD International Conference on Management of Data},
 series = {SIGMOD '89},
 year = {1989},
 isbn = {0-89791-317-5},
 location = {Portland, Oregon, USA},
 pages = {46--57},
 numpages = {12},
 url = {http://doi.acm.org/10.1145/67544.66931},
 doi = {10.1145/67544.66931},
 acmid = {66931},
 publisher = {ACM},
 address = {New York, NY, USA},
}
